<?xml version="1.0" encoding="UTF-8"?><collection xmlns="http://www.loc.gov/MARC21/slim"><record><leader>00384nam--2200121-i-4500</leader><controlfield tag="001">000030571</controlfield><controlfield tag="002">20161230</controlfield><controlfield tag="005">20161230201038</controlfield><controlfield tag="008">060222s1000------------r-----000-0-eng-d</controlfield><datafield ind1=" " ind2=" " tag="080"><subfield code="a">017(44):061.62(44):016(44)</subfield></datafield><datafield ind1=" " ind2=" " tag="245"><subfield code="a">Liste recapitulative des notes c.e.a. publiees par le commissariat a l`energie atomique:1953-1962</subfield></datafield><datafield ind1=" " ind2=" " tag="260"><subfield code="a">Saclay, Centre D`Etude Nucleaire, 1963-</subfield></datafield><datafield ind1=" " ind2=" " tag="852"><subfield code="a">D1096</subfield></datafield></record></collection>